<record><leader>00000cas a22000007a 4500</leader><controlfield tag="001">31692506</controlfield><controlfield tag="008">941214d19601960nyuwr ne      0    0eng d</controlfield><datafield ind1=" " ind2=" " tag="010"><subfield code="a">sn 94061069 </subfield></datafield><datafield ind1=" " ind2=" " tag="040"><subfield code="a">NYS</subfield><subfield code="b">eng</subfield><subfield code="c">NYS</subfield><subfield code="d">OCLCQ</subfield></datafield><datafield ind1=" " ind2=" " tag="042"><subfield code="a">msc</subfield></datafield><datafield ind1="0" ind2="0" tag="245"><subfield code="a">Record and pilot and the spotlight and Glen Cove echo.</subfield></datafield><datafield ind1="1" ind2="3" tag="246"><subfield code="a">Record and pilot and the spotlight, including the Sea Cliff news and East Norwich enterprise and Glen Cove echo</subfield></datafield><datafield ind1="1" ind2="3" tag="246"><subfield code="a">Record and pilot and Glen Cove echo</subfield></datafield><datafield ind1="1" ind2="7" tag="246"><subfield code="a">Record &amp; pilot &amp; Glen Cove echo</subfield></datafield><datafield ind1=" " ind2=" " tag="260"><subfield code="a">Glen Cove, N.Y. :</subfield><subfield code="b">Griscom Publications</subfield></datafield><datafield ind1=" " ind2=" " tag="300"><subfield code="a">v.</subfield></datafield><datafield ind1=" " ind2=" " tag="310"><subfield code="a">Weekly</subfield></datafield><datafield ind1="0" ind2=" " tag="362"><subfield code="a">Vol. 79, no. 32 (Mar. 7, 1960)-v. 79, no. 37 (Mar. 31, 1960).</subfield></datafield><datafield ind1=" " ind2=" " tag="500"><subfield code="a">Masthead contains phrase: " ... including the Sea Cliff news and East Norwich enterprise ..." in small type between "spotlight" and "Glen Cove echo."</subfield></datafield><datafield ind1=" " ind2=" " tag="500"><subfield code="a">"Official newspaper for the Village of Sea Cliff."</subfield></datafield><datafield ind1=" " ind2="4" tag="651"><subfield code="a">Glen Cove (N.Y.)</subfield><subfield code="v">Newspapers.</subfield></datafield><datafield ind1=" " ind2="4" tag="651"><subfield code="a">Oyster Bay (N.Y.)</subfield><subfield code="v">Newspapers.</subfield></datafield><datafield ind1=" " ind2="4" tag="651"><subfield code="a">Sea Cliff (N.Y.)</subfield><subfield code="v">Newspapers.</subfield></datafield><datafield ind1=" " ind2="4" tag="651"><subfield code="a">Nassau County (N.Y.)</subfield><subfield code="v">Newspapers.</subfield></datafield><datafield ind1=" " ind2=" " tag="752"><subfield code="a">United States</subfield><subfield code="b">New York</subfield><subfield code="c">Nassau</subfield><subfield code="d">Glen Cove.</subfield></datafield><datafield ind1="0" ind2="4" tag="780"><subfield code="t">Record and pilot and the spotlight</subfield><subfield code="w">(OCoLC)33394199</subfield></datafield><datafield ind1="0" ind2="4" tag="780"><subfield code="t">Glen Cove echo</subfield><subfield code="w">(DLC)sn 83031427</subfield></datafield><datafield ind1="0" ind2="0" tag="785"><subfield code="t">Record and pilot, the echo and the spotlight</subfield><subfield code="w">(DLC)sn 94061070</subfield></datafield><datafield ind1="1" ind2=" " tag="029"><subfield code="a">AU@</subfield><subfield code="b">000011427688</subfield></datafield></record>